<?xml version="1.0" encoding="UTF-8"?><collection xmlns="http://www.loc.gov/MARC21/slim"><record><leader>00520nam--2200193-u-4500</leader><controlfield tag="001">000053825</controlfield><controlfield tag="002">20161230</controlfield><controlfield tag="005">20161230201051</controlfield><controlfield tag="008">110624s1000------------r-----000-0-rus-d</controlfield><datafield ind1=" " ind2=" " tag="040"><subfield code="a">IFIN-HH</subfield></datafield><datafield ind1=" " ind2=" " tag="041"><subfield code="a">rus</subfield></datafield><datafield ind1=" " ind2=" " tag="080"><subfield code="a">537.222.22(075)</subfield></datafield><datafield ind1="1" ind2=" " tag="100"><subfield code="a">Vorontov, V.F</subfield></datafield><datafield ind1="1" ind2="0" tag="245"><subfield code="a">Opticeskie svoistva poluprovodnikov</subfield><subfield code="b">Ucevnoe posovie</subfield><subfield code="c">V.f. vorontov, i. hevesi; l. nanai</subfield></datafield><datafield ind1=" " ind2=" " tag="260"><subfield code="a">Odessa</subfield><subfield code="b">Ogu</subfield><subfield code="c">1980</subfield></datafield><datafield ind1=" " ind2=" " tag="300"><subfield code="a">127P</subfield></datafield><datafield ind1="1" ind2=" " tag="700"><subfield code="a">Hevesi, I</subfield><subfield code="d">Nanai, L</subfield></datafield><datafield ind1=" " ind2=" " tag="852"><subfield code="a">49067</subfield><subfield code="c">537:538</subfield></datafield><datafield ind1=" " ind2=" " tag="CAT"><subfield code="a">Sys</subfield><subfield code="c">20110624</subfield><subfield code="h">122458</subfield></datafield></record></collection>